@article{Arkani-Hamed:2019mrd,
      author         = "Arkani-Hamed, Nima and He, Song and Lam, Thomas",
      title          = "{Stringy Canonical Forms}",
      year           = "2019",
      eprint         = "1912.08707",
      archivePrefix  = "arXiv",
      primaryClass   = "hep-th",
      SLACcitation   = "%%CITATION = ARXIV:1912.08707;%%"
}

@article{Arkani-Hamed:2017tmz,
      author         = "Arkani-Hamed, Nima and Bai, Yuntao and Lam, Thomas",
      title          = "{Positive Geometries and Canonical Forms}",
      journal        = "JHEP",
      volume         = "11",
      year           = "2017",
      pages          = "039",
      doi            = "10.1007/JHEP11(2017)039",
      eprint         = "1703.04541",
      archivePrefix  = "arXiv",
      primaryClass   = "hep-th",
      SLACcitation   = "%%CITATION = ARXIV:1703.04541;%%"
}

@article{Arkani-Hamed:2017mur,
    author = "Arkani-Hamed, Nima and Bai, Yuntao and He, Song and Yan, Gongwang",
    title = "{Scattering Forms and the Positive Geometry of Kinematics, Color and the Worldsheet}",
    eprint = "1711.09102",
    archivePrefix = "arXiv",
    primaryClass = "hep-th",
    doi = "10.1007/JHEP05(2018)096",
    journal = "JHEP",
    volume = "05",
    pages = "096",
    year = "2018"
}

@article{Arkani-Hamed:2019plo,
      author         = "Arkani-Hamed, Nima and He, Song and Lam, Thomas and
                        Thomas, Hugh",
      title          = "{Binary Geometries, Generalized Particles and Strings,
                        and Cluster Algebras}",
      year           = "2019",
      eprint         = "1912.11764",
      archivePrefix  = "arXiv",
      primaryClass   = "hep-th",
      SLACcitation   = "%%CITATION = ARXIV:1912.11764;%%"
}

@article{article,
author = {Postnikov, Alexander},
year = {2005},
month = {08},
pages = {},
title = {Permutohedra, Associahedra, and Beyond},
volume = {2009},
journal = {International Mathematics Research Notices},
doi = {10.1093/imrn/rnn153}
}

@article{Cachazo:2013hca,
    author = "Cachazo, Freddy and He, Song and Yuan, Ellis Ye",
    title = "{Scattering of Massless Particles in Arbitrary Dimensions}",
    eprint = "1307.2199",
    archivePrefix = "arXiv",
    primaryClass = "hep-th",
    doi = "10.1103/PhysRevLett.113.171601",
    journal = "Phys. Rev. Lett.",
    volume = "113",
    number = "17",
    pages = "171601",
    year = "2014"
}

@article{Cachazo:2013iea,
    author = "Cachazo, Freddy and He, Song and Yuan, Ellis Ye",
    title = "{Scattering of Massless Particles: Scalars, Gluons and Gravitons}",
    eprint = "1309.0885",
    archivePrefix = "arXiv",
    primaryClass = "hep-th",
    doi = "10.1007/JHEP07(2014)033",
    journal = "JHEP",
    volume = "07",
    pages = "033",
    year = "2014"
}